<?xml version="1.0" encoding="UTF-8"?><collection xmlns="http://www.loc.gov/MARC21/slim"><record><leader>00585nam--2200193-i-4500</leader><controlfield tag="001">000015315</controlfield><controlfield tag="002">20161230</controlfield><controlfield tag="005">20161230201031</controlfield><controlfield tag="008">060222s1000------------r-----000-0-rus-d</controlfield><datafield ind1=" " ind2=" " tag="040"><subfield code="a">IFIN-HH</subfield></datafield><datafield ind1=" " ind2=" " tag="041"><subfield code="a">rus</subfield></datafield><datafield ind1=" " ind2=" " tag="080"><subfield code="a">519.7=03.20=82</subfield></datafield><datafield ind1="1" ind2=" " tag="100"><subfield code="a">Haken, Hermann</subfield></datafield><datafield ind1="1" ind2="0" tag="245"><subfield code="a">Sinergetika</subfield><subfield code="c">Hermann haken</subfield></datafield><datafield ind1=" " ind2=" " tag="260"><subfield code="a">Moskva</subfield><subfield code="b">Mir</subfield><subfield code="c">1980</subfield></datafield><datafield ind1=" " ind2=" " tag="300"><subfield code="a">404P</subfield></datafield><datafield ind1=" " ind2=" " tag="500"><subfield code="a">TITLUL ORIGINAL IN LIMBA ENGLEZA: SYNETGETICS. AN INTRODUCTION NONEQUILIBRIUM PHASE TRANSITIONS AND SELF-ORGANIZATION IN pHYSICS, CHEMISTRY AND BIOLOGY</subfield></datafield><datafield ind1=" " ind2=" " tag="852"><subfield code="a">49400</subfield><subfield code="c">53</subfield></datafield><datafield ind1=" " ind2=" " tag="CAT"><subfield code="a">Sys</subfield><subfield code="c">20150331</subfield><subfield code="h">160429</subfield></datafield></record></collection>